<?xml version="1.0" encoding="UTF-8"?><collection xmlns="http://www.loc.gov/MARC21/slim"><record><leader>00295nam--2200109-i-4500</leader><controlfield tag="001">000004609</controlfield><controlfield tag="002">20161230</controlfield><controlfield tag="005">20161230201026</controlfield><controlfield tag="008">060222s1000------------r-----000-0-eng-d</controlfield><datafield ind1=" " ind2=" " tag="245"><subfield code="a">Current trends in heterocyclic chemistry proceedings</subfield></datafield><datafield ind1=" " ind2=" " tag="260"><subfield code="a">London, Butterworths Sci.Publ., 1958</subfield></datafield><datafield ind1=" " ind2=" " tag="490"><subfield code="a">Ix+170p</subfield></datafield></record></collection>